@misc{script-tcc,
    title={Script TCC},
    year={2022},
    url={https://github.com/bozzis/tcc/tree/main/matlab-tcc},
    organization={Giovanni Bozzini},
    urlaccessdate={28/06/2022}
}

@misc{inmet,
    title={INMET},
    year={2022},
    url={https://bdmep.inmet.gov.br},
    organization={Instituto Nacional de Meteorologia},
    urlaccessdate={28/06/2022}
}

@misc{weathertab,
    title={WeatherTAB},
    year={2022},
    url={https://www.weathertab.com/pt-br},
    organization={WeatherTAB},
    urlaccessdate={28/06/2022}
}

@misc{darksky-main,
    title={Dark Sky by Apple},
    year={2022},
    url={https://darksky.net},
    organization={Apple},
    urlaccessdate={17/05/2022}
}

@misc{dashboard-climacell,
    title={Meteorological Technology International},
    year={2022},
    url={https://www.meteorologicaltechnologyinternational.com/news/climate-measurement/new-software-tool-predicts-how-weather-affects-business.html},
    organization={UKi Media and Events},
    urlaccessdate={18/05/2022}
}

@misc{matlab-jetbrains,
    title={Matlab Support},
    year={2022},
    url={https://plugins.jetbrains.com/plugin/10941-matlab-support},
    organization={JetBrains},
    urlaccessdate={18/05/2022}
}

@misc{octave-ide,
    title={GNU Octave},
    year={2022},
    url={https://www.gnu.org/software/octave/index},
    organization={GNU},
    urlaccessdate={18/05/2022}
}

@misc{matlab,
    title={MATLAB},
    year={2022},
    url={https://www.mathworks.com/products/matlab.html},
    organization={Mathworks},
    urlaccessdate={18/05/2022}
}

@misc{mathematica,
    title={Mathematica},
    year={2022},
    url={https://www.wolfram.com/mathematica},
    organization={Wolfram},
    urlaccessdate={18/05/2022}
}

@misc{matlab-alts,
    title={EDUCBA},
    year={2022},
    url={https://www.educba.com/matlab-alternatives},
    organization={EDUCBA},
    urlaccessdate={18/05/2022}
}

@article{imd_rainfall,
	organization = {Ministry of Earth Sciences, Government of India},
	publisher = {India Meteorological Department},
	title = {Standard Operation Procedure-Weather Forecasting and Warning},
	year = {2021},
    location = {Mausam Bhawan, Lodi Road, New Delhi - 110 00}
}

@article{artigo_modelo,
	author = {Aderson Soares de Andrade JÚnior and Edson Alves Bastos},
	title = {Simulação da precipitação diária para Parnaíba e Teresina, PI, em planilha eletrônica},
	journal = {Revista Brasileira de Engenharia Agrícola e Ambiental},
	year = {2001},
	volume = {5},
	pages = {271--278},
	number = {2},
    publisher = {Agriambi}
}

@article{artigo_importancia,
	author = {ANA MARIA HEUMINSKI DE ÁVILA and ANDREA DE OLIVEIRA CARDOSO and HILTON SILVEIRA PINTO},
	title = {Aplicação DA Correção Estatística NA Previsão DE TEMPO ESTENDIDA, PARA Três LOCALIDADES DA Região SUL},
	journal = {XVI Congresso Brasileiro de Agrometeorologia},
	year = {2009}
}